@Article{daniel,
author = {Hey, Daniel},
title = {A really fantastic reference},
journal = {Journal with high impact factor},
year = {2018},
OPTkey = {•},
OPTvolume = {•},
OPTnumber = {•},
OPTpages = {•},
OPTmonth = {•},
OPTnote = {•},
OPTannote = {•}
}
