@inproceedings{hudson2019gqa,
  author={Hudson, Drew A. and Manning, Christopher D.},
  title={GQA: A New Dataset for Real-World Visual Reasoning and Compositional Question Answering},
  booktitle={The IEEE Conference on Computer Vision and Pattern Recognition (CVPR)},
  pages={6700--6709},
  year={2019}
}

@inproceedings{lin2014microsoft,
  title={Microsoft coco: Common objects in context},
  author={Lin, Tsung-Yi and Maire, Michael and Belongie, Serge and Hays, James and Perona, Pietro and Ramanan, Deva and Doll{\'a}r, Piotr and Zitnick, C Lawrence},
  booktitle={European conference on computer vision},
  pages={740--755},
  year={2014},
  organization={Springer}
}

@inproceedings{antol2015vqa,
  author={Antol, Stanislaw and Agrawal, Aishwarya and Lu, Jiasen and Mitchell, Margaret and Batra, Dhruv and Lawrence Zitnick, C. and Parikh, Devi},
  title={VQA: Visual Question Answering},
  booktitle={The IEEE International Conference on Computer Vision (ICCV)},
  month={December},
  year={2015}
}

@inproceedings{zhang2016yin,
  author={Zhang, Peng and Goyal, Yash and Summers-Stay, Douglas and Batra, Dhruv and Parikh, Devi},
  title={Yin and Yang: Balancing and Answering Binary Visual Questions},
  booktitle={The IEEE Conference on Computer Vision and Pattern Recognition (CVPR)},
  pages={5014--5022},
  month={June},
  year={2016}
}

@inproceedings{goyal2017making,
  author={Goyal, Yash and Khot, Tejas and Summers-Stay, Douglas and Batra, Dhruv and Parikh, Devi},
  title={Making the V in VQA Matter: Elevating the Role of Image Understanding in Visual Question Answering},
  booktitle={The IEEE Conference on Computer Vision and Pattern Recognition (CVPR)},
  pages={6904--6913},
  month={July},
  year={2017},
}

@inproceedings{johnson2017clevr,
  author={Johnson, Justin and Hariharan, Bharath and van der Maaten, Laurens and Fei-Fei, Li and Lawrence Zitnick, C. and Girshick, Ross},
  title={CLEVR: A Diagnostic Dataset for Compositional Language and Elementary Visual Reasoning},
  booktitle={The IEEE Conference on Computer Vision and Pattern Recognition (CVPR)},
  pages={2901--2910},
  month={July},
  year={2017}
}

@article{krishna2017visual,
  title={Visual Genome: Connecting Language and Vision Using Crowdsourced Dense Image Annotations.(Article)},
  author={Krishna, Ranjay and Zhu, Yuke and Groth, Oliver and Johnson, Justin and Hata, Kenji and Kravitz, Joshua and Chen, Stephanie and Kalantidis, Yannis and Li, Li-Jia and Shamma, David A and others},
  issn={0920-5691},
  journal={International Journal of Computer Vision},
  volume={123},
  number={1},
  pages={32--73},
  year={2017},
  publisher={Springer}
}

@inproceedings{kafle2017analysis,
  author={Kafle, Kushal and Kanan, Christopher},
  title={An Analysis of Visual Question Answering Algorithms},
  booktitle={The IEEE International Conference on Computer Vision (ICCV)},
  pages={1965--1973},
  month={Oct},
  year={2017}
}

@incollection{malinowski2014multiworld,
  title={A Multi-World Approach to Question Answering about Real-World Scenes based on Uncertain Input},
  author={Malinowski, Mateusz and Fritz, Mario},
  booktitle={Advances in Neural Information Processing Systems 27},
  editor={Z. Ghahramani and M. Welling and C. Cortes and N. D. Lawrence and K. Q. Weinberger},
  pages={1682--1690},
  year={2014},
  publisher={Curran Associates, Inc.},
  url={http://papers.nips.cc/paper/5411-a-multi-world-approach-to-question-answering-about-real-world-scenes-based-on-uncertain-input.pdf}
}

@inproceedings{silberman2012indoor,
  title={Indoor segmentation and support inference from rgbd images},
  author={Silberman, Nathan and Hoiem, Derek and Kohli, Pushmeet and Fergus, Rob},
  booktitle={European conference on computer vision},
  pages={746--760},
  year={2012},
  organization={Springer}
}

@inproceedings{yu2015visual,
  author={Yu, Licheng and Park, Eunbyung and Berg, Alexander C. and Berg, Tamara L.},
  title={Visual Madlibs: Fill in the Blank Description Generation and Question Answering},
  booktitle={Proceedings of the IEEE International Conference on Computer Vision (ICCV)},
  month={December},
  year={2015},
  pages={2461--2469}
}

@inproceedings{agrawal2018dont,
  author={Agrawal, Aishwarya and Batra, Dhruv and Parikh, Devi and Kembhavi, Aniruddha},
  title={Don't Just Assume; Look and Answer: Overcoming Priors for Visual Question Answering},
  booktitle={Proceedings of the IEEE Conference on Computer Vision and Pattern Recognition (CVPR)},
  month={June},
  year={2018},
  pages={4971--4980}
}

@article{thomee2016yfcc100m,
  author={Thomee, Bart and Shamma, David A. and Friedland, Gerald and Elizalde, Benjamin and Ni, Karl and Poland, Douglas and Borth, Damian and Li, Li-Jia},
  title={YFCC100M: The New Data in Multimedia Research},
  year={2016},
  issue_date={January 2016},
  publisher={Association for Computing Machinery},
  address={New York, NY, USA},
  volume={59},
  number={2},
  issn={0001-0782},
  url={https://doi.org/10.1145/2812802},
  doi={10.1145/2812802},
  journal={Commun. ACM},
  month=jan,
  pages={64â€“73},
  numpages={10}
}

 @article{agrawal2017cvqa,
  title={C-vqa: A compositional split of the visual question answering (vqa) v1. 0 dataset},
  author={Agrawal, Aishwarya and Kembhavi, Aniruddha and Batra, Dhruv and Parikh, Devi},
  journal={arXiv preprint arXiv:1704.08243},
  year={2017}
}

@inproceedings{zhu2016visual7w,
  author={Zhu, Yuke and Groth, Oliver and Bernstein, Michael and Fei-Fei, Li},
  title={Visual7W: Grounded Question Answering in Images},
  booktitle={The IEEE Conference on Computer Vision and Pattern Recognition (CVPR)},
  pages={4995--5004},
  month={June},
  year={2016}
}

